@article{intro:0,
  author = {陈兴 and 孟卫东 and 严太华},
  title = {基于 {T-S} 模型的模糊神经网络在股市预测中的应用},
  journal = {系统工程理论与实践},
  year = 2001,
  number = 02
}

@article{intro:1,
  author = {Sharpe, W. F.},
  title = {Capital asset prices: A theory of market equilibrium under conditions of risk},
  year = 1964,
  journal = {Journal of Finance},
  pages = {425-442},
  volume = 19
}

@article{intro:2,
  author = {Lintner, J.},
  title = {Security prices, risk and maximal gains from diversification},
  year = 1965,
  journal = {Journal of Finance},
  pages = {587-616},
  volume = 20
}

@book{intro:3,
  author = {Keynes, J. M.},
  title = {The General Theory of Employment, Interest, and Money},
  address = {London},
  publisher = {MacMillan},
  year = 1936
}

@book{intro:4,
  author = {Hume, D.},
  title = {An Enquiry concerning Human Understanding},
  publisher = {Oxford University Press},
  year = 1748
}

@article{intro:5,
  author = {De Long, J. B. and A. Shleifer and L. H. Summers and R. J. Waldmann},
  title = {Noise trader risk in financial markets},
  journal = {Journal of Political Economy},
  year = 1990,
  pages = {703-738},
  volume = 98
}

@article{intro:6,
  author = {Lee, C. and A. Shleifer and R. Thaler},
  title = {Investors sentiment and the closed-end fund puzzle},
  journal = {Journal of Finance},
  year = 1991,
  pages = {75-109},
  volume = 46
}

@article{intro:7,
  author = {Kumar, A. and C. M. Lee},
  title = {Retail investor sentiment and return comovemonts},
  journal = {Journal of Finance},
  year = 2006,
  pages = {2451-2486},
  volume = 61
}

@article{intro:8,
  author = {Baker, M. and J. Wurgler},
  title = {Investor sentiment and the cross-section of stock returns},
  journal = {Journal of Finance},
  year = 2006,
  pages = {1645-1680},
  volume = 61
}

@article{intro:9,
  author = {Lemmon, M. and E. Portniaguina},
  title = {Consumer confidence and asset prices: Some empirical evidence},
  journal = {Review of Financial Studies},
  year = 2006,
  pages = {1499-1529},
  volume = 19
}

@article{intro:10,
  author = {吴云勇 and 范树杰},
  title = {证券投资分析方法研究},
  journal = {中国市场},
  year = 2012,
  volume = 27
}

@mastersthesis{intro:11,
  author = {许泱},
  title = {基于神经网络的股票市场预测研究},
  school = {华中科技大学},
  year = 2008
}

@mastersthesis{intro:12,
  author = {李妙用},
  title = {基于混合神经网络的股票预测研究系统},
  school = {华南理工大学},
  year = 2010
}

@article{intro:13,
  author = {N. Baba and H. Suto},
  title = {Utilization of artificial neural networks and the TD-learning method for constructing intelligent decision support systems},
  journal = {European Journal of Operation Research},
  year = 2000,
  pages = {501-508},
  volume = 122,
  number = 2
}

@inproceedings{intro:14,
  author = {Kimoto, T. and Asakawa, K. and Yoda, M. and Takeoka, M.},
  title = {Stock market prediction system with modular neural networks},
  booktitle = {Neural Networks, 1990., 1990 IJCNN International Joint Conference on},
  year = 1990,
  month = {June},
  pages = {1-6 vol.1}
}

@article{intro:15,
  author = {Sanjiv R. Das and Mike Y. Chen},
  title = {Yahoo! for Amazon: Sentiment Extraction from Small Talk on the Web},
  journal = {Management Science},
  volume = {53},
  number = {9},
  pages = {1375-1388},
  year = {2007},
}

@article{granger_causality,
  author = {Granger, Clive W. J.},
  title = {Investigating Causal Relations by Econometric Models and Cross-spectral Methods},
  journal = {Econometrica (The Econometric Society)},
  year = 1969,
  pages = {424-438},
  number = 3,
  volume = 37,
}

@online{statsmodels,
  author = {{The statsmodels development team}},
  title = {Statsmodels},
  citedate = {2015-06-01},
  url = {http://statsmodels.sourceforge.net/}
}

